@article{NIWA,
  title     = {Gas exchange and climate},
  journal   = {Water and Atmosphere},
  volume    = {14},
  year      = {2016},
  url       = {https://www.niwa.co.nz/sites/niwa.co.nz/files/import/attachments/gas.pdf}
}

@article{Terry,
author = "Terray, Eugene and A. Donelan, M and Agrawal, Y.C. and Drennan, William and Kahma, Kimmo and Williams, Albert and Hwang, Paul and A. Kitaigorodskii, S",
year = "1996",
month = may,
pages = "792--807",
title = {Estimates of kinetic energy dissipation under breaking waves},
volume = "26",
booktitle = "Journal of Physical Oceanography"
}


@inproceedings{geissler_1995,
	Access = {2},
	Address = {Hanau},
	Author = {P. Gei{\ss}ler and B. J{\"a}hne},
	Booktitle = {Air-Water Gas Transfer, Selected Papers, 3rd Intern. Symp. on Air-Water Gas Transfer},
	Doi = {10.5281/zenodo.10400},
	Editor = {J{\"a}hne, B. and E. Monahan},
	File = {http:http\://hciweb2.iwr.uni-heidelberg.de/publications/dip/1995/AWGT1995/CONTENTS.PDF:PDF},
	Groupid = {dip},
	Owner = {jattig},
	Pages = {351--362},
	Peer = {yes},
	Publisher = {AEON},
	Timestamp = {2008.02.14},
	Title = {Measurements of bubble size distributions with an optical technique based on depth from focus},
	Year = {1995},
	Bdsk-Url-1 = {http://dx.doi.org/10.5281/zenodo.10400}
}



@phdthesis{MischlerDiss,
	Access = {2},
	Author = {Wolfgang Mischler},
	Doi = {10.11588/heidok.00017720},
	File = {:http\://hciweb2.iwr.uni-heidelberg.de/publications/dip/2014/Mischler2014Diss.pdf:PDF},
	Groupid = {dip},
	Owner = {bjaehne},
	School = {Institut f{\"u}r Umweltphysik, Fakult{\"a}t f{\"u}r Physik und Astronomie, Univ.\ Heidelberg},
	Timestamp = {2014.10.26},
	Title = {Systematic Measurements of Bubble Induced Gas Exchange for Trace Gases with Low Solubilities},
	Type = {Dissertation},
	Url = {http://www.ub.uni-heidelberg.de/archiv/17720},
	Year = {2014},
	Bdsk-Url-1 = {http://www.ub.uni-heidelberg.de/archiv/17720},
	Bdsk-Url-2 = {http://dx.doi.org/10.11588/heidok.00017720}
}


@inproceedings{jaehne1984,
	Access = {1},
	Address = {Hingham, MA},
	Author = {J{\"a}hne, B. and T. Wais and M. Barabas},
	Booktitle = {Gas transfer at water surfaces},
	Doi = {10.1007/978-94-017-1660-4_22},
	Editor = {W. Brutsaert and G. H. Jirka},
	File = {http:http\://hciweb2.iwr.uni-heidelberg.de/publications/dip/1984/Jaehne_GTWS1984a.pdf:PDF},
	Groupid = {dip},
	Owner = {jattig},
	Pages = {237--246},
	Peer = {yes},
	Publisher = {Reidel},
	Timestamp = {2008.02.14},
	Title = {A new optical bubble measuring device; a simple model for bubble contribution to gas exchange},
	Year = {1984},
	Bdsk-Url-1 = {https://doi.org/10.1007/978-94-017-1660-4_22}}


%http://adsabs.harvard.edu/abs/2016JAtOT..33.1701A	
@article{Al-Lashi2016,
author = {Al-Lashi, Raied S. and Gunn, Steve R. and Czerski, Helen},
title = {Automated Processing of Oceanic Bubble Images for Measuring Bubble Size Distributions underneath Breaking Waves},
journal = {Journal of Atmospheric and Oceanic Technology},
volume = {33},
number = {8},
pages = {1701-1714},
year = {2016},
doi = {10.1175/JTECH-D-15-0222.1},

URL = {https://doi.org/10.1175/JTECH-D-15-0222.1},
eprint = {https://doi.org/10.1175/JTECH-D-15-0222.1}
}

%https://journals.ametsoc.org/doi/abs/10.1175/1520-0426%282003%29020%3C1317%3AOMOBSD%3E2.0.CO%3B2
@article{Leifer2003,
author = {Leifer, Ira and de Leeuw, Gerrit and Cohen, Leo H.},
title = {Optical Measurement of Bubbles: System Design and Application},
journal = {Journal of Atmospheric and Oceanic Technology},
volume = {20},
number = {9},
pages = {1317-1332},
year = {2003},
doi = {10.1175/1520-0426(2003)020<1317:OMOBSD>2.0.CO;2},

URL = {https://doi.org/10.1175/1520-0426(2003)020<1317:OMOBSD>2.0.CO;2},
eprint = {https://doi.org/10.1175/1520-0426(2003)020<1317:OMOBSD>2.0.CO;2}
}

%https://dl.acm.org/citation.cfm?id=361242
@article{Hough1972,
 author = {Duda, Richard O. and Hart, Peter E.},
 title = {Use of the Hough Transformation to Detect Lines and Curves in Pictures},
 journal = {Commun. ACM},
 issue_date = {Jan. 1972},
 volume = {15},
 number = {1},
 month = jan,
 year = {1972},
 issn = {0001-0782},
 pages = {11--15},
 numpages = {5},
 url = {http://doi.acm.org/10.1145/361237.361242},
 doi = {10.1145/361237.361242},
 acmid = {361242},
 publisher = {ACM},
 address = {New York, NY, USA},
 keywords = {Hough transformation, colinear points, curve detection, line detection, pattern recognition, picture processing, point-line transformation}
} 

%https://www.sciencedirect.com/science/article/pii/S000925091500706X
@article{Zhong2016,
title = "A flexible image analysis method for measuring bubble parameters",
journal = "Chemical Engineering Science",
volume = "141",
pages = "143 - 153",
year = "2016",
issn = "0009-2509",
doi = "https://doi.org/10.1016/j.ces.2015.10.033",
url = "http://www.sciencedirect.com/science/article/pii/S000925091500706X",
author = "Sheng Zhong and Xu Zou and Zhibing Zhang and Hongzhou Tian",
keywords = "Image analysis, Bubbles parameters measurement, Template database, Bubble segmentation, Segmented bubble reconstruction"
}

@book{JahneBook,
 author = {Jahne, Bernd},
 title = {Digital Image Processing: Concepts, Algorithms, and Scientific Applications},
 year = {1997},
 isbn = {3540627243},
 edition = {4th},
 publisher = {Springer-Verlag},
 address = {Berlin, Heidelberg}
} 

@incollection{FasterRCNN,
title = {Faster R-CNN: Towards Real-Time Object Detection with Region Proposal Networks},
author = {Ren, Shaoqing and He, Kaiming and Girshick, Ross and Sun, Jian},
booktitle = {Advances in Neural Information Processing Systems 28},
editor = {C. Cortes and N. D. Lawrence and D. D. Lee and M. Sugiyama and R. Garnett},
pages = {91--99},
year = {2015},
publisher = {Curran Associates, Inc.}
}

@INPROCEEDINGS{YOLO,
author={J. Redmon and S. Divvala and R. Girshick and A. Farhadi},
booktitle={2016 IEEE Conference on Computer Vision and Pattern Recognition (CVPR)},
title={You Only Look Once: Unified, Real-Time Object Detection},
year={2016},
volume={},
number={},
pages={779-788},
keywords={image classification;image representation;neural nets;object detection;you only look once;unified real-time object detection;object classifiers;bounding boxes;class probabilities;neural network;detection pipeline;detection performance;YOLO model;object representation;DPM;R-CNN;natural images;Computer architecture;Microprocessors;Object detection;Training;Real-time systems;Neural networks;Pipelines},
doi={10.1109/CVPR.2016.91},
ISSN={1063-6919},
month={June}
}


%https://dl.acm.org/citation.cfm?id=844379.844681
@inproceedings{Ho1995,
 author = {Ho, Tin Kam},
 title = {Random Decision Forests},
 booktitle = {Proceedings of the Third International Conference on Document Analysis and Recognition (Volume 1) - Volume 1},
 series = {ICDAR '95},
 year = {1995},
 isbn = {0-8186-7128-9},
 pages = {278--},
 url = {http://dl.acm.org/citation.cfm?id=844379.844681},
 acmid = {844681},
 publisher = {IEEE Computer Society},
 address = {Washington, DC, USA},
 keywords = {complexity, decision theory, decision trees, generalization accuracy, handwriting recognition, handwritten digits, optical character recognition, random decision forests, stochastic modeling, suboptimal accuracy, tree-based classifiers}
} 

@incollection{AlexNet,
title = {ImageNet Classification with Deep Convolutional Neural Networks},
author = {Alex Krizhevsky and Sutskever, Ilya and Hinton, Geoffrey E},
booktitle = {Advances in Neural Information Processing Systems 25},
editor = {F. Pereira and C. J. C. Burges and L. Bottou and K. Q. Weinberger},
pages = {1097--1105},
year = {2012},
publisher = {Curran Associates, Inc.},
url = {http://papers.nips.cc/paper/4824-imagenet-classification-with-deep-convolutional-neural-networks.pdf}
}


@article{NNMethods,
author = {Goldberg, Yoav},
title = {Neural Network Methods for Natural Language Processing},
journal = {Synthesis Lectures on Human Language Technologies},
volume = {10},
number = {1},
pages = {1-309},
year = {2017},
doi = {10.2200/S00762ED1V01Y201703HLT037},
URL = {https://doi.org/10.2200/S00762ED1V01Y201703HLT037},
eprint = {https://doi.org/10.2200/S00762ED1V01Y201703HLT037}
}

@book{Demtroeder2,
  title={Experimentalphysik 2: Elektrizit{\"a}t und Optik},
  author={Demtr{\"o}der, W.},
  isbn={9783642299438},
  series={Springer-Lehrbuch},
  url={https://books.google.de/books?id=lIYBlwEACAAJ},
  year={2013},
  publisher={Springer Berlin Heidelberg}
}


@mastersthesis{Leonie,
	Author = {Leonie Flothow},
	Doi = {10.11588/heidok.00023754},
	Institution = {{I}nstitut f{\"u}r {U}mweltphysik, {F}akult{\"a}t f{\"u}r {P}hysik und {A}stronomie, {U}niv.\ {H}eidelberg},
	Owner = {bjaehne},
	Timestamp = {2017.12.02},
	Title = {Bubble characteristics from breaking waves in fresh water and simulated seawater},
	Type = {Master's thesis},
	Year = {2017},
	Bdsk-Url-1 = {http://dx.doi.org/10.11588/heidok.00023754}
}


@article{Zhenhua2018,
	author = {Zhenhua Chen, David Crandall, Robert Templeman},
  title     = {Detecting Small, Densely Distributed Objects with Filter-Amplifier Networks and Loss Boosting},
  journal   = {CoRR},
  volume    = {abs/1802.07845},
  year      = {2018},
  note      = {Withdrawn.},
  url       = {http://arxiv.org/abs/1802.07845},
  archivePrefix = {arXiv},
  eprint    = {1802.07845},
  timestamp = {Mon, 13 Aug 2018 16:48:03 +0200},
  biburl    = {https://dblp.org/rec/bib/journals/corr/abs-1802-07845},
  bibsource = {dblp computer science bibliography, https://dblp.org}
}

@article{Li2017,
  title={Classification of ECG signals based on 1D convolution neural network},
  author={Dan Li and Jianxin Zhang and Qiang Zhang and Xiaopeng Wei},
  journal={2017 IEEE 19th International Conference on e-Health Networking, Applications and Services (Healthcom)},
  year={2017},
  pages={1-6}
}

@phdthesis{Bopp2018,
author = {Maximilian Bopp},
year = 2018,
school = {Institude of Environmental Physics, Heidelberg University },
title = {Air-flow and stress partitioning over wind waves in a linear wind-wave facility},
doi = {10.11588/heidok.00024741}
}


@mastersthesis{Bopp2011,
	__Markedentry = {[bjaehne:1]},
	Access = {1},
	Author = {Bopp,M.},
	File = {http:http\://hciweb2.iwr.uni-heidelberg.de/publications/dip/2011/bopp_bachelor_2011.pdf:PDF},
	Groupid = {dip},
	School = {Institut f{\"u}r Umweltphysik, Fakult{\"a}t f{\"u}r Physik und Astronomie, Univ.\ Heidelberg},
	Title = {Messung der Schubspannungsgeschwindigkeit am Heidelberger Aeolotron mittels der Impulsbilanzmethode},
	Type = {Bachelor thesis},
	Year = {2011}
}



@phdthesis{krall2013,
	Access = {2},
	Author = {Krall, Kerstin Ellen},
	Doi = {10.11588/heidok.00014392},
	File = {pdf:http\://hciweb2.iwr.uni-heidelberg.de/publications/dip/2013/kerstin-krall_Dissertation-2013.pdf:PDF},
	Groupid = {dip},
	Owner = {bjaehne},
	School = {Institut f{\"u}r Umweltphysik, Fakult{\"a}t f{\"u}r Physik und Astronomie, Univ.\ Heidelberg},
	Timestamp = {2008.01.13},
	Title = {Laboratory Investigations of Air-Sea Gas Transfer under a Wide Range of Water Surface Conditions},
	Type = {Dissertation},
	Url = {http://www.ub.uni-heidelberg.de/archiv/14392},
	Year = {2013},
	Bdsk-Url-1 = {http://www.ub.uni-heidelberg.de/archiv/14392},
	Bdsk-Url-2 = {http://dx.doi.org/10.11588/heidok.00014392}}


@article{UNet,
  author    = {Olaf Ronneberger and
               Philipp Fischer and
               Thomas Brox},
  title     = {U-Net: Convolutional Networks for Biomedical Image Segmentation},
  journal   = {CoRR},
  volume    = {abs/1505.04597},
  year      = {2015},
  url       = {http://arxiv.org/abs/1505.04597},
  archivePrefix = {arXiv},
  eprint    = {1505.04597},
  timestamp = {Mon, 13 Aug 2018 16:46:52 +0200},
  biburl    = {https://dblp.org/rec/bib/journals/corr/RonnebergerFB15},
  bibsource = {dblp computer science bibliography, https://dblp.org}
}


@book{JaehneBook,
	Access = {1},
	Address = {Berlin},
	Author = {J{\"a}hne, Bernd},
	Comment = {WK 088},
	Doi = {10.1007/3-540-27563-0},
	Edition = {6},
	File = {:http\://hciweb2.iwr.uni-heidelberg.de/publications/dip/2005/Jaehne2005DIP6.pdf:PDF},
	Groupid = {dip},
	Owner = {bjaehne},
	Publisher = {Springer},
	Timestamp = {2010.01.29},
	Title = {Digital Image Processing},
	Year = {2005},
	Bdsk-Url-1 = {http://dx.doi.org/10.1007/3-540-27563-0}
}


%http://www.citeulike.org/user/tyler/article/278132
@techreport{Bigun1986,
    author = {Bigun, J. and Granlund, G. H.},
    citeulike-article-id = {278132},
    institution = {Computer Vision Laboratory, Link\"{o}ping University, Sweden},
    keywords = {bibtex-import},
    number = {Report LiTH-ISY-I-0828},
    pdf = {home/olivier/Documents/Biblio/Proceedings/bigun87london.pdf},
    posted-at = {2005-08-10 20:25:11},
    priority = {2},
    title = {{Optimal orientation detection of linear symmetry}},
    year = {1986}
}

@book{BishopBook,
 author = {Bishop, Christopher M.},
 title = {Pattern Recognition and Machine Learning (Information Science and Statistics)},
 year = {2006},
 isbn = {0387310738},
 publisher = {Springer-Verlag},
 address = {Berlin, Heidelberg}
} 

@article{RCNN,
  author    = {Ross B. Girshick and
               Jeff Donahue and
               Trevor Darrell and
               Jitendra Malik},
  title     = {Rich feature hierarchies for accurate object detection and semantic
               segmentation},
  journal   = {CoRR},
  volume    = {abs/1311.2524},
  year      = {2013},
  url       = {http://arxiv.org/abs/1311.2524},
  archivePrefix = {arXiv},
  eprint    = {1311.2524},
  timestamp = {Mon, 13 Aug 2018 16:48:09 +0200},
  biburl    = {https://dblp.org/rec/bib/journals/corr/GirshickDDM13},
  bibsource = {dblp computer science bibliography, https://dblp.org}
}