@article{article,
author = {Terray, Eugene and A. Donelan, M and Agrawal, Y.C. and Drennan, William and Kahma, Kimmo and Williams, Albert and Hwang, Paul and A. Kitaigorodskii, S},
year = {1996},
month = {05},
pages = {792-807},
title = {Estimates of kinetic energy dissipation under breaking waves},
volume = {26},
booktitle = {Journal of Physical Oceanography}
}